@article{greedy,
    author        = {Eric Ould Dadah Andriantiana Stephan Wagner and Hua Wang},
    title         = {Greedy trees, subtrees and antichains},
    journal       = {The Electronic Journal of Combinatorics},
    year          = {2013},
    doi           = { https://doi.org/10.37236/3101},
    volume        = {20},
    pages         = {P28}
}
@article{switch,
    author         = {Daniel A. Jaume and Adrián Pastine and Victor Nicolas Schvllner},
    title        = {2-switch: transition and stability on graphs and forests},
    year          = {2020}
}
@article{andriantiana,
    title         	= {Energy, Hosoya index and Merrifield–Simmons index of trees with prescribed degree sequence},
    author	   	= {Eric Ould Dadah Andriantiana},
    year          	= {2013}
}
